@article{dechaisemartinDifferenceinDifferencesEstimatorsTreatments2024,
  title = {Difference-in-{{Differences Estimators}} for {{Treatments Continuously Distributed}} at {{Every Period}}},
  author = {{de Chaisemartin}, Cl{\'e}ment and D'Haultf{\oe}uille, Xavier and Pasquier, F{\'e}lix and Sow, Doulo and {Vazquez-Bare}, Gonzalo},
  year = {2024},
  journal = {Working Paper},
  pages = {1--50},
  file = {C:\Users\wang\Zotero\storage\L4VGQ3FN\de Chaisemartin et al. - 2024 - Difference-in-Differences Estimators for Treatment.pdf}
}
