@article{dechaisemartinTwoWayFixedEffects2023,
  title = {Two-{{Way Fixed Effects}} and {{Differences-in-Differences}} with {{Heterogeneous Treatment Effects}}: {{A Survey}}},
  author = {{de~Chaisemartin}, Cl{\'e}ment and D'Haultf{\oe}uille, Xavier},
  year = {2023},
  journal = {The Econometrics Journal},
  volume = {26},
  number = {3},
  pages = {C1-C30},
  doi = {10.1093/ectj/utac017},
  file = {C:\Users\wang\Zotero\storage\8E5AN2CF\de Chaisemartin and D’Haultfœuille - 2023 - Two-way fixed effects and differences-in-differenc.pdf}
}

@article{rothWhatTrendingDifferenceinDifferences2023,
  title = {What's {{Trending}} in {{Difference-in-Differences}}? {{A Synthesis}} of the {{Recent Econometrics Literature}}},
  author = {Roth, Jonathan and Sant'Anna, Pedro H.C. and Bilinski, Alyssa and Poe, John},
  year = {2023},
  journal = {Journal of Econometrics},
  volume = {235},
  number = {2},
  pages = {2218--2244},
  doi = {10.1016/j.jeconom.2023.03.008},
  file = {C:\Users\wang\Zotero\storage\CYT5MGSI\Roth et al. - 2023 - What’s trending in difference-in-differences A sy.pdf}
}

@article{dechaisemartinTwoWayFixedEffects2020,
  title = {Two-{{Way Fixed Effects Estimators}} with {{Heterogeneous Treatment Effects}}},
  author = {{de Chaisemartin}, Cl{\'e}ment and D'Haultf{\oe}uille, Xavier},
  year = {2020},
  journal = {American Economic Review},
  volume = {110},
  number = {9},
  pages = {2964--2996},
  doi = {10.1257/aer.20181169},
  keywords = {DID},
  file = {C:\Users\wang\Zotero\storage\6N2HS4UU\American Economic Review - 2020 - Two-Way Fixed Effects Estimators with Heterogeneous Treatment Effects.pdf}
}

@article{goodman-baconDifferenceinDifferencesVariationTreatment2021,
  title = {Difference-in-{{Differences}} with {{Variation}} in {{Treatment Timing}}},
  author = {{Goodman-Bacon}, Andrew},
  year = {2021},
  journal = {Journal of Econometrics},
  volume = {225},
  number = {2},
  pages = {254--277},
  doi = {10.1016/j.jeconom.2021.03.014},
  keywords = {DID},
  file = {C:\Users\wang\Zotero\storage\BNRFFTVU\Journal of Econometrics - 2021 - Difference-in-Differences with Variation in Treatment Timing.pdf}
}

@article{borusyakRevisitingEventStudyDesigns2024,
  title = {Revisiting {{Event-Study Designs}}: {{Robust}} and {{Efficient Estimation}}},
  author = {Borusyak, Kirill and Jaravel, Xavier and Spiess, Jann},
  year = {2024},
  journal = {Review of Economic Studies},
  pages = {rdae007},
  doi = {10.1093/restud/rdae007},
  file = {C:\Users\wang\Zotero\storage\FWHT56KL\Borusyak et al. - 2024 - Revisiting Event-Study Designs Robust and Efficie.pdf}
}

@article{atheyDesignBasedAnalysisDifferenceinDifferences2022a,
  title = {Design-{{Based Analysis}} in {{Difference-in-Differences Settings}} with {{Staggered Adoption}}},
  author = {Athey, Susan and Imbens, Guido W.},
  year = {2022},
  journal = {Journal of Econometrics},
  volume = {226},
  number = {1},
  pages = {62--79},
  issn = {03044076},
  doi = {10.1016/j.jeconom.2020.10.012},
  file = {C:\Users\wang\Zotero\storage\4H3PN2ER\Journal of Econometrics - 2022 - Design-based analysis in Difference-In-Differences settings with staggered adoption.pdf}
}

@article{callawayDifferenceinDifferencesMultipleTime2021,
  title = {Difference-in-{{Differences}} with {{Multiple Time Periods}}},
  author = {Callaway, Brantly and Sant'Anna, Pedro H.C.},
  year = {2021},
  journal = {Journal of Econometrics},
  volume = {225},
  number = {2},
  pages = {200--230},
  doi = {10.1016/j.jeconom.2020.12.001},
  file = {C:\Users\wang\Zotero\storage\ZE3TWWCP\Callaway and Sant’Anna - 2021 - Difference-in-Differences with multiple time perio.pdf}
}

@article{sunEstimatingDynamicTreatment2021,
  title = {Estimating {{Dynamic Treatment Effects}} in {{Event Studies}} with {{Heterogeneous Treatment Effects}}},
  author = {Sun, Liyang and Abraham, Sarah},
  year = {2021},
  journal = {Journal of Econometrics},
  volume = {225},
  number = {2},
  pages = {175--199},
  doi = {10.1016/j.jeconom.2020.09.006},
  keywords = {DID},
  file = {C:\Users\wang\Zotero\storage\4W95NJAF\1-s2.0-S030440762030378X-main.pdf}
}

@article{hullEstimatingTreatmentEffects2018,
  title = {Estimating {{Treatment Effects}} in {{Mover Designs}}},
  author = {Hull, Peter},
  year = {2018},
  journal = {Working Paper},
  pages = {1--31},
  doi = {1804.06721},
  file = {C:\Users\wang\Zotero\storage\V5MM7A34\2018 - Estimating Treatment Effects in Mover Designs.pdf}
}

@article{rothEfficientEstimationStaggered2023,
  title = {Efficient {{Estimation}} for {{Staggered Rollout Designs}}},
  author = {Roth, Jonathan and Sant'Anna, Pedro H. C.},
  year = {2023},
  journal = {Journal of Political Economy Microeconomics},
  volume = {1},
  number = {4},
  pages = {669--709},
  issn = {2832-9368, 2832-9376},
  doi = {10.1086/726581},
  file = {C:\Users\wang\Zotero\storage\QXWBGWS8\Journal of Political Economy Microeconomics - 2023 - Efficient Estimation for Staggered Rollout Designs.pdf}
}

@article{santannaDoublyRobustDifferenceinDifferences2020,
  title = {Doubly {{Robust Difference-in-Differences Estimators}}},
  author = {Sant'Anna, Pedro H.C. and Zhao, Jun},
  year = {2020},
  journal = {Journal of Econometrics},
  volume = {219},
  number = {1},
  pages = {101--122},
  doi = {10.1016/j.jeconom.2020.06.003},
  file = {C:\Users\wang\Zotero\storage\BMXMIWDJ\Journal of Econometrics - 2020 - Doubly robust difference-in-differences estimators.pdf}
}

@article{schmidheinyEventStudiesDistributed2023,
  title = {On {{Event Studies}} and {{Distributed}}-{{Lags}} in {{Two}}-{{Way Fixed Effects Models}}: {{Identification}}, {{Equivalence}}, and {{Generalization}}},
  author = {Schmidheiny, Kurt and Siegloch, Sebastian},
  year = {2023},
  journal = {Journal of Applied Econometrics},
  volume = {38},
  number = {5},
  pages = {695--713},
  doi = {10.1002/jae.2971},
  file = {C:\Users\wang\Zotero\storage\96HY3V3F\J of Applied Econometrics - 2023 - Schmidheiny - On event studies and distributed‐lags in two‐way fixed effects models .pdf}
}

@article{imaiUseTwoWayFixed2021,
  title = {On the {{Use}} of {{Two-Way Fixed Effects Regression Models}} for {{Causal Inference}} with {{Panel Data}}},
  author = {Imai, Kosuke and Kim, In Song},
  year = {2021},
  journal = {Political Analysis},
  volume = {29},
  number = {3},
  pages = {405--415},
  issn = {1047-1987, 1476-4989},
  doi = {10.1017/pan.2020.33},
  file = {C:\Users\wang\Zotero\storage\VSCPF4L9\Polit. Anal. - 2021 - On the Use of Two-Way Fixed Effects Regression Models for Causal Inference with Panel Data.pdf}
}

@article{imaiWhenShouldWe2019,
  title = {When {{Should We Use Unit Fixed Effects Regression Models}} for {{Causal Inference}} with {{Longitudinal Data}}?},
  author = {Imai, Kosuke and Kim, In Song},
  year = {2019},
  month = apr,
  journal = {American Journal of Political Science},
  volume = {63},
  number = {2},
  pages = {467--490},
  issn = {0092-5853, 1540-5907},
  doi = {10.1111/ajps.12417},
  file = {C:\Users\wang\Zotero\storage\SNQC8TS2\American J Political Sci - 2019 - When Should We Use Unit Fixed Effects Regression Models for Causal Inference with Longitudinal Data.pdf}
}

@article{gibbonsBrokenFixedEffects2019a,
  title = {Broken or {{Fixed Effects}}?},
  author = {Gibbons, Charles E. and Su{\'a}rez Serrato, Juan Carlos and Urbancic, Michael B.},
  year = {2019},
  journal = {Journal of Econometric Methods},
  volume = {8},
  number = {1},
  pages = {20170002},
  doi = {10.1515/jem-2017-0002},
  file = {C:\Users\wang\Zotero\storage\5ZBFDP44\gibbons2018.pdf}
}

@article{rambachanMoreCredibleApproach2023,
  title = {A {{More Credible Approach}} to {{Parallel Trends}}},
  author = {Rambachan, Ashesh and Roth, Jonathan},
  year = {2023},
  journal = {Review of Economic Studies},
  pages = {rdad018},
  doi = {10.1093/restud/rdad018},
  keywords = {DID},
  file = {C:\Users\wang\Zotero\storage\HRHNSYW9\Rambachan and Roth - 2023 - A More Credible Approach to Parallel Trends.pdf}
}

@article{rothWhenParallelTrends2023,
  title = {When {{Is Parallel Trends Sensitive}} to {{Functional Form}}?},
  author = {Roth, Jonathan and Sant'Anna, Pedro H. C.},
  year = {2023},
  journal = {Econometrica},
  volume = {91},
  number = {2},
  pages = {737--747},
  issn = {0012-9682},
  doi = {10.3982/ECTA19402},
  file = {C:\Users\wang\Zotero\storage\TW3XHA5F\ECTA - 2023 - When Is Parallel Trends Sensitive to Functional Form.pdf}
}

@article{rothPretestCautionEventStudy2022a,
  title = {Pretest with {{Caution}}: {{Event-Study Estimates}} after {{Testing}} for {{Parallel Trends}}},
  author = {Roth, Jonathan},
  year = {2022},
  journal = {American Economic Review: Insights},
  volume = {4},
  number = {3},
  pages = {305--322},
  issn = {2640-205X, 2640-2068},
  doi = {10.1257/aeri.20210236},
  file = {C:\Users\wang\Zotero\storage\FBUFSVIY\American Economic Review Insights - 2022 - Pretest with Caution Event-Study Estimates after Testing for Parallel Trends.pdf}
}

@article{strezhnevSemiparametricWeightingEstimators2018,
  title = {Semiparametric {{Weighting Estimators}} for {{Multi-Period Difference-in-Differences Designs}}},
  author = {Strezhnev, Anton},
  year = {2018},
  journal = {Working Paper},
  file = {C:\Users\wang\Zotero\storage\DZW2GXUM\Semiparametric weighting estimators for multi-period diﬀerence-in-diﬀerences designs.pdf}
}

@article{hanIdentificationNonparametricModels2021,
  title = {Identification in {{Nonparametric Models}} for {{Dynamic Treatment Effects}}},
  author = {Han, Sukjin},
  year = {2021},
  journal = {Journal of Econometrics},
  volume = {225},
  number = {2},
  pages = {132--147},
  doi = {10.1016/j.jeconom.2019.08.014},
  file = {C:\Users\wang\Zotero\storage\J2QTWYKL\Journal of Econometrics - 2021 - Identification in nonparametric models for dynamic treatment effects.pdf}
}

@article{dechaisemartinDifferenceinDifferencesEstimatorsTreatments2024,
  title = {Difference-in-{{Differences Estimators}} for {{Treatments Continuously Distributed}} at {{Every Period}}},
  author = {{de Chaisemartin}, Cl{\'e}ment and D'Haultf{\oe}uille, Xavier and Pasquier, F{\'e}lix and Sow, Doulo and {Vazquez-Bare}, Gonzalo},
  year = {2024},
  journal = {Working Paper},
  pages = {1--50},
  file = {C:\Users\wang\Zotero\storage\L4VGQ3FN\de Chaisemartin et al. - 2024 - Difference-in-Differences Estimators for Treatment.pdf}
}